<record><leader>00000cas a22000007a 4500</leader><controlfield tag="001">12819110</controlfield><controlfield tag="008">851119c198u9999mduwr ne      0   a0eng d</controlfield><datafield ind1=" " ind2=" " tag="010"><subfield code="a">sn 85003353 </subfield></datafield><datafield ind1=" " ind2=" " tag="040"><subfield code="a">NSD</subfield><subfield code="b">eng</subfield><subfield code="c">NSD</subfield><subfield code="d">OCLCQ</subfield></datafield><datafield ind1=" " ind2=" " tag="012"><subfield code="m">1</subfield></datafield><datafield ind1="1" ind2=" " tag="022"><subfield code="a">0886-0939</subfield><subfield code="l">0886-0939</subfield><subfield code="2">1</subfield></datafield><datafield ind1=" " ind2=" " tag="032"><subfield code="a">688630</subfield><subfield code="b">USPS</subfield></datafield><datafield ind1=" " ind2=" " tag="037"><subfield code="b">Talbot Rowienson Printing Co., 1993 Moreland Pkwy., Annapolis, Md. 21404</subfield></datafield><datafield ind1=" " ind2=" " tag="042"><subfield code="a">nsdp</subfield></datafield><datafield ind1="0" ind2=" " tag="130"><subfield code="a">Times (Annapolis, Md.)</subfield></datafield><datafield ind1=" " ind2="4" tag="222"><subfield code="a">The Times</subfield><subfield code="b">(Annapolis, Md.)</subfield></datafield><datafield ind1="1" ind2="4" tag="245"><subfield code="a">The times.</subfield></datafield><datafield ind1=" " ind2=" " tag="260"><subfield code="a">Annapolis, Md. :</subfield><subfield code="b">Talbot Rowienson Print. Co.</subfield></datafield><datafield ind1=" " ind2=" " tag="310"><subfield code="a">Weekly</subfield></datafield><datafield ind1=" " ind2=" " tag="588"><subfield code="a">Description based on: Vol. 5, no. 28 (4 Oct. 1985).</subfield></datafield><datafield ind1=" " ind2=" " tag="752"><subfield code="a">United States</subfield><subfield code="b">Maryland</subfield><subfield code="c">Anne Arundel</subfield><subfield code="d">Annapolis.</subfield></datafield><datafield ind1="0" ind2="0" tag="780"><subfield code="t">Nautical times</subfield><subfield code="x">0746-7931</subfield><subfield code="w">(OCoLC)10282023</subfield></datafield><datafield ind1=" " ind2=" " tag="936"><subfield code="a">4 Oct. 1985</subfield></datafield></record>